{
  "leader": "03580cam a2200529 a 4500",
  "fields": [
    {
      "001": "ocm21974847\\"
    },
    {
      "003": "OCoLC"
    },
    {
      "005": "20221230124939.0"
    },
    {
      "008": "900614s1991\\\\\\\\enka\\\\\\\\\\b\\\\\\\\001\\0\\eng\\\\"
    },
    {
      "010": {
        "ind1": "\\",
        "ind2": "\\",
        "subfields": [
          {
            "a": "   90007685 "
          }
        ]
      }
    },
    {
      "040": {
        "ind1": "\\",
        "ind2": "\\",
        "subfields": [
          {
            "a": "DNLM/DLC"
          },
          {
            "b": "eng"
          },
          {
            "c": "DLC"
          },
          {
            "d": "UKM"
          },
          {
            "d": "NLM"
          },
          {
            "d": "MUQ"
          },
          {
            "d": "BAKER"
          },
          {
            "d": "BTCTA"
          },
          {
            "d": "YDXCP"
          },
          {
            "d": "OCLCG"
          },
          {
            "d": "LAS"
          },
          {
            "d": "OCLCA"
          },
          {
            "d": "GEBAY"
          },
          {
            "d": "DEBBG"
          },
          {
            "d": "GBVCP"
          },
          {
            "d": "OCLCO"
          },
          {
            "d": "OCLCF"
          },
          {
            "d": "OCLCQ"
          },
          {
            "d": "OCLCO"
          },
          {
            "d": "OCLCQ"
          },
          {
            "d": "OCLCO"
          },
          {
            "d": "OCLCQ"
          },
          {
            "d": "OCLCO"
          },
          {
            "d": "OCLCQ"
          },
          {
            "d": "OCLCO"
          },
          {
            "d": "DHA"
          },
          {
            "d": "OCLCA"
          },
          {
            "d": "OCLCQ"
          },
          {
            "d": "TFW"
          },
          {
            "d": "EUQ"
          },
          {
            "d": "OCLCA"
          },
          {
            "d": "NZ1"
          },
          {
            "d": "TJC"
          },
          {
            "d": "AZU"
          },
          {
            "d": "OCLCQ"
          },
          {
            "d": "OCLCO"
          },
          {
            "d": "OCLCA"
          },
          {
            "d": "WURST"
          },
          {
            "d": "OCLCA"
          },
          {
            "d": "OCLCQ"
          },
          {
            "d": "OCLCA"
          },
          {
            "d": "NLE"
          },
          {
            "d": "OCLCO"
          },
          {
            "d": "OCLCQ"
          },
          {
            "d": "OCLCO"
          },
          {
            "d": "OCLCA"
          },
          {
            "d": "OCLCO"
          },
          {
            "d": "NKM"
          }
        ]
      }
    },
    {
      "016": {
        "ind1": "7",
        "ind2": "\\",
        "subfields": [
          {
            "a": "9009909"
          },
          {
            "2": "DNLM"
          }
        ]
      }
    },
    {
      "019": {
        "ind1": "\\",
        "ind2": "\\",
        "subfields": [
          {
            "a": "24725989"
          },
          {
            "a": "25281606"
          },
          {
            "a": "59171738"
          },
          {
            "a": "123052475"
          },
          {
            "a": "1063970441"
          },
          {
            "a": "1078512904"
          },
          {
            "a": "1080141367"
          },
          {
            "a": "1167137479"
          },
          {
            "a": "1221589371"
          }
        ]
      }
    },
    {
      "020": {
        "ind1": "\\",
        "ind2": "\\",
        "subfields": [
          {
            "a": "0192617575"
          },
          {
            "q": "(hardback)"
          }
        ]
      }
    },
    {
      "020": {
        "ind1": "\\",
        "ind2": "\\",
        "subfields": [
          {
            "a": "9780192617576"
          },
          {
            "q": "(hardback)"
          }
        ]
      }
    },
    {
      "035": {
        "ind1": "\\",
        "ind2": "\\",
        "subfields": [
          {
            "a": "(OCoLC)21974847"
          },
          {
            "z": "(OCoLC)24725989"
          },
          {
            "z": "(OCoLC)25281606"
          },
          {
            "z": "(OCoLC)59171738"
          },
          {
            "z": "(OCoLC)123052475"
          },
          {
            "z": "(OCoLC)1063970441"
          },
          {
            "z": "(OCoLC)1078512904"
          },
          {
            "z": "(OCoLC)1080141367"
          },
          {
            "z": "(OCoLC)1167137479"
          },
          {
            "z": "(OCoLC)1221589371"
          }
        ]
      }
    },
    {
      "043": {
        "ind1": "\\",
        "ind2": "\\",
        "subfields": [
          {
            "a": "e-uk---"
          },
          {
            "a": "n-us---"
          }
        ]
      }
    },
    {
      "050": {
        "ind1": "0",
        "ind2": "0",
        "subfields": [
          {
            "a": "RA440"
          },
          {
            "b": ".H53 1990"
          }
        ]
      }
    },
    {
      "082": {
        "ind1": "0",
        "ind2": "0",
        "subfields": [
          {
            "a": "613.071"
          },
          {
            "b": "HIS"
          }
        ]
      }
    },
    {
      "245": {
        "ind1": "0",
        "ind2": "2",
        "subfields": [
          {
            "a": "A history of education in public health :"
          },
          {
            "b": "health that mocks the doctors' rules /"
          },
          {
            "c": "editors Elizabeth Fee and Roy M. Acheson."
          }
        ]
      }
    },
    {
      "260": {
        "ind1": "\\",
        "ind2": "\\",
        "subfields": [
          {
            "a": "Oxford ;"
          },
          {
            "a": "New York :"
          },
          {
            "b": "Oxford University Press,"
          },
          {
            "c": "\u00a91991."
          }
        ]
      }
    },
    {
      "300": {
        "ind1": "\\",
        "ind2": "\\",
        "subfields": [
          {
            "a": "vii, 349 pages :"
          },
          {
            "b": "illustrations ;"
          },
          {
            "c": "25 cm"
          }
        ]
      }
    },
    {
      "336": {
        "ind1": "\\",
        "ind2": "\\",
        "subfields": [
          {
            "a": "text"
          },
          {
            "b": "txt"
          },
          {
            "2": "rdacontent"
          }
        ]
      }
    },
    {
      "337": {
        "ind1": "\\",
        "ind2": "\\",
        "subfields": [
          {
            "a": "unmediated"
          },
          {
            "b": "n"
          },
          {
            "2": "rdamedia"
          }
        ]
      }
    },
    {
      "338": {
        "ind1": "\\",
        "ind2": "\\",
        "subfields": [
          {
            "a": "volume"
          },
          {
            "b": "nc"
          },
          {
            "2": "rdacarrier"
          }
        ]
      }
    },
    {
      "504": {
        "ind1": "\\",
        "ind2": "\\",
        "subfields": [
          {
            "a": "Includes bibliographical references and index."
          }
        ]
      }
    },
    {
      "505": {
        "ind1": "0",
        "ind2": "0",
        "subfields": [
          {
            "g": "Introduction /"
          },
          {
            "r": "Roy Acheson & Elizabeth Fee --"
          },
          {
            "t": "Public health, preventive medicine, and professionalization : Britain and the United States in the nineteenth century /"
          },
          {
            "r": "Elizabeth Fee & Dorothy Porter --"
          },
          {
            "t": "The British diploma in public health : birth and adolescence /"
          },
          {
            "r": "Roy Acheson --"
          },
          {
            "t": "Stratification and its discontents : professionalization and conflict in the British public health service /"
          },
          {
            "r": "Dorothy Porter --"
          },
          {
            "t": "The emergence of pioneering public health education programmes in the United States /"
          },
          {
            "r": "Arthur Viseltear --"
          },
          {
            "t": "Designing schools of public health for the United States /"
          },
          {
            "r": "Elizabeth Fee --"
          },
          {
            "t": "The public's health : philosophy and practice in Britain in the twentieth century /"
          },
          {
            "r": "Jane Lewis--"
          },
          {
            "t": "Professional education for public health in the United States /"
          },
          {
            "r": "Elizabeth Fee & Barbara Rosenkrantz --"
          },
          {
            "t": "The British diploma in public health : heyday and decline /"
          },
          {
            "r": "Roy Acheson --"
          },
          {
            "t": "Preparation for public health practice : into the twenty-first century /"
          },
          {
            "r": "Margot Jeffery & Joyce Lashof."
          }
        ]
      }
    },
    {
      "650": {
        "ind1": "\\",
        "ind2": "0",
        "subfields": [
          {
            "a": "Public health"
          },
          {
            "x": "Study and teaching"
          },
          {
            "x": "History."
          }
        ]
      }
    },
    {
      "650": {
        "ind1": "\\",
        "ind2": "0",
        "subfields": [
          {
            "a": "Public health."
          }
        ]
      }
    },
    {
      "650": {
        "ind1": "\\",
        "ind2": "0",
        "subfields": [
          {
            "a": "Schools of public health."
          }
        ]
      }
    },
    {
      "650": {
        "ind1": "\\",
        "ind2": "2",
        "subfields": [
          {
            "a": "Public Health"
          },
          {
            "x": "education"
          }
        ]
      }
    },
    {
      "650": {
        "ind1": "\\",
        "ind2": "2",
        "subfields": [
          {
            "a": "Schools, Public Health"
          },
          {
            "x": "history"
          }
        ]
      }
    },
    {
      "651": {
        "ind1": "\\",
        "ind2": "2",
        "subfields": [
          {
            "a": "United Kingdom"
          }
        ]
      }
    },
    {
      "651": {
        "ind1": "\\",
        "ind2": "2",
        "subfields": [
          {
            "a": "United States"
          }
        ]
      }
    },
    {
      "650": {
        "ind1": "\\",
        "ind2": "2",
        "subfields": [
          {
            "a": "Public Health"
          }
        ]
      }
    },
    {
      "650": {
        "ind1": "\\",
        "ind2": "2",
        "subfields": [
          {
            "a": "Schools, Public Health"
          }
        ]
      }
    },
    {
      "650": {
        "ind1": "\\",
        "ind2": "7",
        "subfields": [
          {
            "a": "Public health"
          },
          {
            "x": "Study and teaching."
          },
          {
            "2": "fast"
          },
          {
            "0": "(OCoLC)fst01082320"
          }
        ]
      }
    },
    {
      "655": {
        "ind1": "\\",
        "ind2": "7",
        "subfields": [
          {
            "a": "History."
          },
          {
            "2": "fast"
          },
          {
            "0": "(OCoLC)fst01411628"
          }
        ]
      }
    },
    {
      "700": {
        "ind1": "1",
        "ind2": "\\",
        "subfields": [
          {
            "a": "Fee, Elizabeth."
          }
        ]
      }
    },
    {
      "700": {
        "ind1": "1",
        "ind2": "\\",
        "subfields": [
          {
            "a": "Acheson, Roy M.,"
          },
          {
            "d": "1921-2003."
          }
        ]
      }
    },
    {
      "776": {
        "ind1": "0",
        "ind2": "8",
        "subfields": [
          {
            "i": "Online version:"
          },
          {
            "t": "History of education in public health."
          },
          {
            "d": "Oxford ; New York : Oxford University Press, \u00a91991"
          },
          {
            "w": "(OCoLC)755225476"
          }
        ]
      }
    },
    {
      "856": {
        "ind1": "4",
        "ind2": "1",
        "subfields": [
          {
            "3": "Table of contents"
          },
          {
            "u": "http://catdir.loc.gov/catdir/enhancements/fy0637/90007685-t.html"
          }
        ]
      }
    },
    {
      "856": {
        "ind1": "4",
        "ind2": "1",
        "subfields": [
          {
            "3": "Table of contents"
          },
          {
            "u": "http://www.gbv.de/dms/bowker/toc/9780192617576.pdf"
          }
        ]
      }
    },
    {
      "856": {
        "ind1": "4",
        "ind2": "2",
        "subfields": [
          {
            "3": "Publisher description"
          },
          {
            "u": "http://catdir.loc.gov/catdir/enhancements/fy0637/90007685-d.html"
          }
        ]
      }
    },
    {
      "994": {
        "ind1": "\\",
        "ind2": "\\",
        "subfields": [
          {
            "a": "Z0"
          },
          {
            "b": "NYRVC"
          }
        ]
      }
    },
    {
      "948": {
        "ind1": "\\",
        "ind2": "\\",
        "subfields": [
          {
            "h": "NO HOLDINGS IN NYRVC - 310 OTHER HOLDINGS"
          }
        ]
      }
    },
    {
      "999": {
        "ind1": "\\",
        "ind2": "\\",
        "subfields": [
          {
            "a": "00000000012575"
          }
        ]
      }
    }
  ]
}